@article{greenwade93,
    author  = "Luciano Stork",
    course = "Teoria da Informação e da Codificação"
    title   = "Código de Hamming para detecção e correção de erros utilizando a função hammgen do GNU Octave/Matlab",
    year    = "2023",
    pages   = "6",
    referencies = "
    - Material disponibilizado pelo professor Leonardo Carneiro como suporte à disciplina Teoria da Informação e Codificação 
    - http://www.mathaddict.net/hamming.htm
    - https://www.dcode.fr/hamming-error-correction?\_\_r=1.ba79dabf92f910f7962bc68ce2ec2b81
    - https://pt.wikipedia.org/wiki/C%C3%B3digo\_de\_Hamming
    -  https://www.ime.usp.br/~song/mac412/hamming.pdf"
}
